<mjloggm ver="2.3"><GO type="169" lobby="0"/><UN n0="%E3%83%A4%E3%83%9E%E3%83%80%E3%81%95%E3%82%93" n1="%37%39%34%36%31%33" n2="%E3%81%A8%E3%81%92" n3="%46%55%43%4B%21" dan="17,16,16,16" rate="2218.62,2165.85,2062.67,2117.18" sx="M,M,M,M"/><TAIKYOKU oya="0"/><INIT seed="0,0,0,4,4,11" ten="250,250,250,250" oya="0" hai0="107,96,17,49,10,47,62,87,81,66,43,90,133" hai1="88,37,80,89,131,105,123,20,24,29,9,125,92" hai2="60,53,113,26,93,70,84,108,30,103,130,135,118" hai3="14,69,129,28,41,102,48,77,109,5,4,39,22"/><T86/><D133/><U15/><E123/><V35/><F113/><W78/><G69/><T59/><D107/><U114/><E105/><V85/><F135/><W83/><G39/><T16/><D96/><U98/><E37/><V99/><F108/><W13/><G102/><T50/><D10/><U132/><E132/><V46/><F130/><W104/><G104/><T110/><D110/><U97/><E131/><V63/><F118/><W121/><G109/><T21/><D21/><U115/><E125/><V71/><F63/><W31/><G121/><T38/><D38/><U119/><E119/><V58/><F46/><N who="3" m="25679" /><G83/><T45/><REACH who="0" step="1"/><D86/><REACH who="0" ten="240,250,250,250" step="2"/><U61/><E114/><V44/><F85/><W116/><G129/><T68/><D68/><U3/><E115/><V128/><F128/><W111/><G111/><T127/><D127/><U40/><E3/><V117/><F117/><W82/><G116/><T75/><D75/><U124/><E124/><V19/><F84/><N who="3" m="48207" /><G78/><T34/><D34/><U72/><E72/><V0/><F71/><W79/><G79/><T91/><D91/><U33/><E33/><V94/><F70/><W1/><G1/><T23/><D23/><U27/><E20/><V32/><F32/><W52/><G22/><T65/><D65/><U42/><E89/><V126/><F35/><W25/><G31/><T2/><D2/><U95/><E29/><V64/><F30/><W56/><G28/><T55/><AGARI ba="0,1" hai="16,17,43,45,47,49,50,55,59,62,66,81,87,90" machi="55" ten="20,12000,1" yaku="1,1,0,1,7,1,8,1,54,1,53,0" doraHai="11" doraHaiUra="7" who="0" fromWho="0" sc="240,130,250,-40,250,-40,250,-40" /><INIT seed="0,1,0,4,4,32" ten="370,210,210,210" oya="0" hai0="50,95,83,110,2,122,19,6,59,15,80,25,108" hai1="28,106,116,46,53,94,77,102,135,117,44,65,26" hai2="47,119,68,109,81,33,125,121,40,8,30,92,85" hai3="55,56,91,79,38,132,128,20,78,104,97,54,129"/><T103/><D122/><U96/><E135/><V22/><F121/><W42/><G132/><T112/><D112/><U48/><E77/><V86/><F109/><N who="0" m="42090" /><D25/><U114/><E114/><V63/><F125/><W111/><G111/><T99/><D6/><U5/><E46/><V124/><F33/><W126/><G126/><T73/><D73/><U43/><E53/><V18/><F124/><W36/><G104/><T7/><D7/><U51/><E51/><V1/><F92/><W87/><G97/><T10/><D2/><U14/><E106/><V100/><F119/><W52/><G56/><T64/><D64/><U82/><E82/><V27/><F100/><W12/><G42/><T58/><D58/><U130/><E130/><N who="3" m="50282" /><G20/><T123/><D123/><U84/><E84/><V105/><F105/><W67/><G12/><T98/><D98/><U76/><E65/><V120/><F120/><W60/><G79/><T11/><D11/><U24/><E76/><V127/><F127/><W23/><G78/><T69/><D69/><U39/><E26/><V34/><F68/><N who="3" m="42087" /><G23/><T61/><D61/><U31/><E116/><V21/><F63/><W133/><G133/><T74/><D74/><U0/><E117/><V113/><F113/><W13/><G13/><T62/><D62/><U90/><E14/><N who="2" m="7495" /><F1/><W17/><G17/><T88/><D103/><U70/><E70/><V45/><F86/><W107/><G107/><T49/><D59/><U4/><E102/><V57/><F57/><W93/><AGARI ba="1,0" hai="36,38,52,54,55,87,91,93" m="42087,50282" machi="93" ten="30,2000,0" yaku="19,1,54,1" doraHai="32" who="3" fromWho="3" sc="370,-11,210,-6,210,-6,210,23" /><INIT seed="1,0,0,2,4,114" ten="359,204,204,233" oya="1" hai0="78,88,74,16,79,124,98,106,99,6,46,7,30" hai1="126,13,117,8,73,66,85,97,34,5,43,118,134" hai2="100,21,72,94,103,3,68,113,60,132,69,26,17" hai3="71,29,131,20,10,93,95,22,54,51,135,64,15"/><U1/><E73/><V40/><F113/><W111/><G111/><T67/><D74/><U112/><E112/><V52/><F132/><W83/><G83/><T4/><D106/><U80/><E34/><V61/><F72/><W101/><G64/><T18/><D124/><U12/><E134/><V121/><F121/><W9/><G71/><T133/><D133/><U127/><E66/><V91/><F3/><W57/><G135/><T37/><D67/><U63/><E63/><V2/><F40/><W109/><G109/><T75/><D30/><U47/><E97/><V107/><F2/><W125/><G101/><T102/><D102/><U82/><E82/><V77/><F77/><W50/><G125/><N who="1" m="47626" /><E12/><V105/><F103/><W32/><G32/><T48/><D37/><N who="1" m="21999" /><E1/><V129/><F61/><W122/><G122/><T108/><D108/><U14/><E14/><V35/><F35/><W0/><G0/><T33/><D99/><U49/><E49/><V70/><F100/><W23/><G50/><T89/><D98/><U28/><E28/><V58/><REACH who="2" step="1"/><F129/><REACH who="2" ten="359,204,194,233" step="2"/><W81/><G131/><T90/><D33/><U56/><E56/><V45/><F45/><W96/><G57/><T128/><D128/><U27/><E27/><V38/><F38/><W104/><G104/><T120/><D120/><U24/><E24/><V59/><F59/><W110/><G110/><T87/><D75/><U41/><E41/><V62/><F62/><W115/><G115/><T92/><D46/><U19/><E5/><V65/><F65/><W36/><G36/><T123/><D123/><U53/><E53/><RYUUKYOKU ba="0,1" sc="359,-15,204,15,194,15,233,-15" hai1="8,13,19,80,85,117,118" hai2="17,21,26,52,58,60,68,69,70,91,94,105,107" /><INIT seed="1,1,1,5,1,60" ten="344,219,209,218" oya="1" hai0="26,44,4,17,27,3,53,32,2,1,93,28,37" hai1="40,121,91,23,86,89,68,9,61,65,12,118,95" hai2="85,115,47,126,24,99,67,22,101,21,79,63,98" hai3="117,82,51,96,49,6,18,38,33,80,57,69,70"/><U48/><E118/><V29/><F126/><W19/><G33/><T110/><D93/><U108/><E121/><V128/><F128/><W14/><G38/><T116/><D37/><U50/><E40/><V103/><F115/><W52/><G117/><T56/><D44/><U30/><E108/><V84/><F47/><W36/><G36/><T31/><D116/><U132/><E132/><V74/><F74/><W83/><G96/><N who="2" m="36905" /><F21/><W46/><G6/><T122/><D56/><U10/><E10/><V102/><F79/><W20/><REACH who="3" step="1"/><G19/><REACH who="3" ten="344,219,209,208" step="2"/><T106/><D17/><U105/><E105/><V75/><F75/><W129/><G129/><T43/><D4/><U64/><E30/><V34/><F34/><W35/><G35/><T113/><D32/><U41/><E41/><AGARI ba="1,2" hai="14,18,20,41,46,49,51,52,57,69,70,80,82,83" machi="41" ten="40,2600,0" yaku="1,1,54,1,53,0" doraHai="60" doraHaiUra="109" who="3" fromWho="1" sc="344,0,219,-29,209,0,208,49" /><INIT seed="2,0,0,4,5,72" ten="344,190,209,257" oya="2" hai0="90,86,80,44,75,2,17,40,62,10,84,46,41" hai1="53,19,76,52,23,108,3,67,71,70,130,121,35" hai2="122,106,101,43,113,103,107,20,94,42,4,105,1" hai3="59,5,45,27,14,123,37,32,92,88,64,116,8"/><V109/><F113/><W98/><G123/><T131/><D131/><U115/><E115/><V117/><F117/><W102/><G116/><T12/><D2/><U132/><E35/><V73/><F122/><W33/><G27/><T65/><D75/><U54/><E121/><V134/><F73/><W119/><G119/><T39/><D84/><U21/><E3/><V56/><F134/><W79/><G79/><T87/><D87/><U93/><E130/><V100/><F94/><W68/><G68/><T28/><D28/><U135/><E108/><V99/><F56/><W61/><REACH who="3" step="1"/><G102/><REACH who="3" ten="344,190,209,247" step="2"/><T96/><D96/><U127/><E71/><V83/><F99/><W51/><G51/><T15/><D62/><U31/><E76/><V120/><F120/><W11/><G11/><T82/><D10/><U25/><E127/><V124/><F124/><W77/><G77/><T29/><D39/><U78/><E78/><V81/><F20/><W85/><G85/><T126/><D86/><U60/><REACH who="1" step="1"/><E93/><REACH who="1" ten="344,180,209,247" step="2"/><V24/><F109/><W34/><G34/><T111/><D126/><U63/><E63/><V69/><F69/><W47/><G47/><T104/><D46/><U112/><E112/><V6/><F24/><AGARI ba="0,2" hai="19,21,23,24,25,31,52,53,54,60,67,70,132,135" machi="24" ten="40,2600,0" yaku="1,1,54,1,53,0" doraHai="72" doraHaiUra="55" who="1" fromWho="2" sc="344,0,180,46,209,-26,247,0" /><INIT seed="3,0,0,2,0,135" ten="344,226,183,247" oya="3" hai0="87,126,49,53,102,128,48,26,70,28,8,106,45" hai1="20,29,12,99,13,130,67,43,119,39,37,111,93" hai2="127,56,0,112,32,55,71,100,1,60,118,129,19" hai3="41,124,58,64,85,22,74,105,95,101,31,16,110"/><W5/><G74/><T77/><D70/><U68/><E111/><V47/><F118/><W57/><G41/><T14/><D128/><U27/><E130/><V133/><F129/><W115/><G115/><T34/><D106/><U117/><E67/><V52/><F133/><W92/><G105/><T84/><D102/><U4/><E68/><V23/><F112/><W59/><G5/><T40/><D77/><U33/><E13/><V123/><F123/><W38/><G38/><T116/><D126/><U76/><E76/><V90/><F32/><W91/><G110/><T72/><D72/><U2/><E43/><V21/><F100/><W89/><G101/><T46/><REACH who="0" step="1"/><D116/><REACH who="0" ten="334,226,183,247" step="2"/><U18/><E117/><V80/><F71/><W94/><G124/><T36/><D36/><U42/><E119/><V121/><F127/><W83/><G64/><T97/><D97/><U54/><E54/><V98/><F55/><W103/><G103/><T66/><D66/><U81/><E42/><V88/><F121/><W79/><REACH who="3" step="1"/><G31/><REACH who="3" ten="334,226,183,237" step="2"/><T3/><D3/><U108/><E108/><V61/><F0/><W109/><G109/><T134/><D134/><U120/><E120/><V51/><F1/><W73/><G73/><T132/><D132/><U114/><E114/><V11/><F52/><W35/><G35/><T125/><D125/><U50/><E39/><V107/><F107/><W62/><G62/><T15/><D15/><AGARI ba="0,2" hai="15,16,22,57,58,59,79,83,85,89,91,92,94,95" machi="15" ten="40,7700,0" yaku="1,1,8,1,54,1,53,0" doraHai="135" doraHaiUra="96" who="3" fromWho="0" sc="334,-77,226,0,183,0,237,97" /><INIT seed="3,1,0,2,3,0" ten="257,226,183,334" oya="3" hai0="92,110,2,41,135,125,79,50,93,115,1,130,21" hai1="102,14,13,24,114,31,61,122,53,51,65,43,109" hai2="38,107,86,67,16,23,118,104,8,95,120,126,81" hai3="74,29,71,26,33,89,94,127,28,58,117,20,80"/><W32/><G117/><T91/><D79/><U128/><E122/><V85/><F118/><W5/><G71/><T87/><D110/><U52/><E114/><V105/><F120/><W3/><G127/><T37/><D37/><U35/><E109/><V108/><F108/><W62/><G29/><T124/><D115/><U98/><E43/><V103/><F38/><W72/><G80/><T30/><D130/><U54/><E128/><V121/><F121/><W56/><G56/><T111/><D111/><U48/><E48/><V133/><F133/><W69/><G69/><T73/><D73/><U22/><E51/><V34/><F34/><W116/><G116/><T132/><D93/><U10/><E10/><V25/><F126/><N who="0" m="48746" /><D21/><U49/><E49/><V68/><F8/><W84/><G74/><T82/><D82/><U4/><E4/><V63/><REACH who="2" step="1"/><F81/><REACH who="2" ten="257,226,173,334" step="2"/><W12/><G33/><T77/><D135/><U119/><E119/><V70/><F70/><W40/><G32/><T17/><D132/><U83/><E83/><V78/><F78/><W39/><G72/><T97/><D77/><U76/><E76/><V75/><F75/><W134/><G134/><T7/><D41/><U15/><E35/><V131/><F131/><W123/><G39/><T19/><D1/><U59/><REACH who="1" step="1"/><E65/><REACH who="1" ten="257,216,173,334" step="2"/><V45/><F45/><W129/><G129/><T66/><D66/><U42/><E42/><V88/><F88/><W6/><G40/><T9/><D91/><U112/><E112/><V11/><F11/><N who="3" m="4215" /><G123/><T46/><D2/><U27/><E27/><V60/><F60/><W18/><G3/><RYUUKYOKU ba="1,2" sc="257,-15,216,15,173,15,334,-15" hai1="13,14,15,22,24,31,52,53,54,59,61,98,102" hai2="16,23,25,63,67,68,85,86,95,103,104,105,107" /><INIT seed="4,2,2,1,5,35" ten="242,231,188,319" oya="0" hai0="15,66,78,124,23,29,112,9,70,32,64,39,93" hai1="121,16,100,77,57,45,130,43,12,107,120,105,113" hai2="119,106,44,71,30,127,36,52,92,22,26,73,111" hai3="115,25,6,24,85,11,10,4,2,98,33,109,101"/><T116/><D116/><U60/><E130/><V86/><F111/><W84/><G109/><T56/><D39/><U63/><E77/><V129/><F106/><W91/><G115/><T103/><D70/><U40/><E113/><V79/><F119/><W59/><G33/><T50/><D32/><U76/><E76/><V95/><F129/><W19/><G19/><T87/><D124/><U42/><E45/><V83/><F127/><W21/><G21/><T49/><D103/><U31/><E31/><V133/><F133/><W134/><G85/><T47/><D56/><U34/><E34/><V132/><F71/><W135/><G59/><T97/><D49/><U27/><E27/><V123/><F123/><W13/><G98/><T125/><D97/><U89/><E89/><V74/><F132/><N who="3" m="50731" /><G101/><T126/><D112/><U62/><E57/><V114/><F114/><W8/><G8/><T75/><D75/><U41/><N who="1" m="10240" /><DORA hai="58" /><U122/><REACH who="1" step="1"/><E100/><REACH who="1" ten="242,221,188,319" step="2"/><V128/><F128/><W117/><G117/><T131/><D47/><U38/><E38/><V110/><F36/><W18/><G91/><T99/><D78/><U81/><E81/><V3/><F110/><W28/><G28/><T14/><D29/><U88/><E88/><V118/><F118/><W94/><G25/><T102/><D126/><U90/><E90/><V61/><F44/><W54/><G24/><T51/><D125/><U82/><E82/><V67/><F79/><W1/><G84/><T20/><D131/><U96/><E96/><V37/><F86/><W80/><G80/><T69/><D87/><U108/><E108/><RYUUKYOKU ba="2,3" sc="242,-10,221,30,188,-10,319,-10" hai1="12,16,60,62,63,105,107,120,121,122" /><INIT seed="5,3,3,4,2,50" ten="232,251,178,309" oya="1" hai0="132,73,51,93,110,77,103,49,104,112,42,2,24" hai1="0,8,61,129,101,79,18,13,28,37,1,107,106" hai2="41,14,86,121,96,81,29,105,9,65,125,133,89" hai3="66,63,56,5,128,83,52,88,23,26,22,131,95"/><U64/><E37/><V76/><F121/><W120/><G5/><T36/><D110/><U62/><E129/><N who="3" m="49738" /><G120/><T123/><D2/><U124/><E124/><V31/><F125/><W53/><G83/><T69/><D49/><U16/><E28/><V98/><F133/><W71/><G71/><T91/><D51/><U11/><E101/><V35/><F41/><W15/><G15/><T68/><D24/><U30/><E30/><N who="2" m="11275" /><F105/><W119/><G119/><T19/><D42/><U34/><E13/><V44/><F44/><W39/><G39/><T54/><D68/><U10/><E10/><V17/><F35/><W40/><G40/><T87/><D69/><U33/><E79/><V32/><F32/><W47/><G47/><T38/><D77/><U67/><AGARI ba="3,3" hai="0,1,8,11,16,18,33,34,61,62,64,67,106,107" machi="67" ten="25,9600,0" yaku="0,1,22,2,54,1" doraHai="50" who="1" fromWho="1" sc="232,-35,251,135,178,-35,309,-35" /><INIT seed="5,4,0,0,3,14" ten="197,386,143,274" oya="1" hai0="35,121,110,101,6,18,51,33,48,113,38,7,74" hai1="111,44,11,70,125,16,17,41,105,69,28,80,88" hai2="62,31,124,119,21,63,46,92,114,56,47,64,109" hai3="89,120,5,100,85,32,126,66,102,133,25,0,112"/><U90/><E105/><V30/><F119/><W135/><G120/><T104/><D38/><U2/><E28/><V91/><F109/><W36/><G36/><T76/><D110/><U60/><E111/><V59/><F124/><W130/><G66/><T87/><D87/><U77/><E125/><V1/><F1/><W123/><G123/><T94/><D94/><U97/><E70/><V19/><F31/><N who="3" m="19567" /><G126/><T58/><D58/><U15/><E2/><V81/><F30/><W127/><G127/><T67/><D67/><U24/><E60/><V115/><F81/><W98/><G98/><T78/><D74/><U96/><E69/><V26/><F114/><W40/><G40/><T13/><D13/><N who="1" m="7231" /><E24/><V132/><F132/><W50/><G50/><T117/><D104/><U118/><E118/><V53/><REACH who="2" step="1"/><F115/><REACH who="2" ten="197,386,133,274" step="2"/><W79/><G112/><T131/><D113/><U42/><E80/><V8/><F8/><W95/><G0/><T128/><D117/><U82/><E82/><V108/><F108/><W20/><G133/><T86/><D121/><U49/><E77/><V54/><F54/><W71/><G79/><T72/><D72/><U3/><E3/><V61/><F61/><W57/><G135/><T75/><D75/><U68/><E42/><V12/><F12/><W43/><G43/><T122/><D122/><U27/><E27/><V99/><AGARI ba="4,1" hai="19,21,26,46,47,53,56,59,62,63,64,91,92,99" machi="99" ten="20,12000,2" yaku="1,1,0,1,7,1,25,2,8,1,52,1,53,0" doraHai="14" doraHaiUra="37" who="2" fromWho="2" sc="197,-34,386,-64,133,142,274,-34" /><INIT seed="6,0,0,3,2,35" ten="163,322,275,240" oya="2" hai0="16,24,89,131,25,118,20,98,70,82,15,50,33" hai1="104,51,18,36,109,73,5,65,84,9,57,99,123" hai2="96,105,113,95,28,101,47,62,54,72,44,58,64" hai3="103,30,48,14,29,90,112,81,7,92,130,37,88"/><V87/><F113/><W128/><G37/><T31/><D131/><U2/><E109/><V94/><F72/><W21/><G103/><T77/><D118/><U27/><E36/><V78/><F28/><W117/><G117/><T1/><D70/><U8/><E73/><V80/><F105/><W32/><G32/><T115/><D115/><U56/><E123/><V43/><F94/><W129/><G112/><T79/><D1/><U34/><E34/><V76/><F76/><W124/><G124/><T100/><D50/><U126/><E126/><V38/><REACH who="2" step="1"/><F47/><REACH who="2" ten="163,322,265,240" step="2"/><W133/><G30/><T116/><D116/><U108/><E104/><V42/><F42/><W66/><G29/><T127/><D127/><U106/><E106/><V0/><F0/><W4/><G128/><T75/><D79/><U121/><E2/><V107/><F107/><W26/><G92/><T12/><D77/><U69/><E108/><V67/><AGARI ba="0,1" hai="38,43,44,54,58,62,64,67,78,80,87,95,96,101" machi="67" ten="30,11700,0" yaku="1,1,0,1,53,2" doraHai="35" doraHaiUra="60" who="2" fromWho="2" sc="163,-39,322,-39,265,127,240,-39" /><INIT seed="6,1,0,2,1,0" ten="124,283,392,201" oya="2" hai0="33,129,135,50,116,98,53,112,59,125,107,92,127" hai1="31,95,61,64,60,126,123,7,42,11,14,21,67" hai2="4,45,26,66,29,117,106,17,27,49,32,83,8" hai3="99,75,55,16,96,58,1,12,91,78,71,73,89"/><V81/><F117/><W70/><G1/><T18/><D33/><U119/><E119/><V87/><F106/><W121/><G121/><T128/><D18/><U120/><E126/><N who="0" m="48137" /><D92/><U23/><E42/><V41/><F66/><W97/><G78/><T13/><D13/><U105/><E105/><V24/><F17/><W65/><G75/><T37/><D98/><U80/><E80/><V62/><F62/><W48/><G73/><T6/><D107/><U102/><E61/><V9/><F9/><W79/><G79/><T34/><D34/><U133/><E133/><V84/><F84/><W77/><G77/><T44/><D116/><U25/><E23/><V72/><F72/><W76/><G76/><T63/><D6/><U28/><E28/><V74/><F74/><W93/><G65/><N who="0" m="39167" /><D135/><U46/><E46/><V20/><F32/><W134/><G134/><T43/><D112/><U124/><E124/><V100/><F100/><W38/><G38/><T47/><AGARI ba="1,0" hai="37,43,44,47,50,53,128,129" m="39167,48137" machi="47" ten="30,4000,0" yaku="18,1,34,2" doraHai="0" who="0" fromWho="0" sc="124,43,283,-11,392,-21,201,-11" /><INIT seed="7,0,0,0,2,126" ten="167,272,371,190" oya="3" hai0="56,87,116,63,5,50,35,13,86,59,71,97,108" hai1="119,36,23,95,133,130,107,109,26,40,104,134,39" hai2="47,28,123,101,25,57,89,120,135,64,74,19,8" hai3="91,127,53,38,67,121,54,129,79,111,15,41,102"/><W100/><G121/><N who="2" m="46665" /><F135/><N who="1" m="51721" /><E109/><V9/><F74/><W117/><G117/><T48/><D116/><U37/><E119/><V125/><F125/><W65/><G127/><T82/><D35/><U46/><E95/><V77/><F77/><W128/><G79/><N who="0" m="46431" /><D71/><U118/><E118/><V42/><F19/><W83/><G111/><T43/><D108/><U110/><E110/><V93/><F57/><W11/><G41/><T12/><D87/><U72/><E72/><V103/><F64/><N who="3" m="24651" /><G38/><N who="1" m="14954" /><E130/><N who="3" m="50282" /><G83/><T22/><D97/><U124/><E124/><V113/><F42/><W81/><G81/><T20/><D50/><U14/><E14/><V0/><F0/><W99/><G91/><T75/><D75/><U106/><E106/><V94/><F89/><W24/><G24/><T33/><D33/><U98/><E98/><V114/><F25/><W51/><G51/><T10/><D13/><U7/><E7/><V30/><F103/><N who="3" m="39467" /><G99/><T73/><D73/><U4/><E4/><AGARI ba="0,0" hai="4,11,15,53,54" m="39467,50282,24651" machi="4" ten="30,11600,0" yaku="19,1,52,3" doraHai="126" who="3" fromWho="1" sc="167,0,272,-116,371,0,190,116" /><INIT seed="7,1,0,1,3,57" ten="167,156,371,306" oya="3" hai0="126,95,98,23,11,132,127,70,17,47,33,107,24" hai1="13,92,103,129,113,102,30,108,128,61,91,135,60" hai2="63,25,76,43,14,39,3,36,81,55,31,6,64" hai3="19,85,79,58,59,80,49,40,75,20,37,67,78"/><W66/><G37/><T32/><D70/><U1/><E108/><V89/><F3/><W35/><G35/><T2/><D132/><U105/><E1/><V121/><F55/><W28/><G28/><T38/><D107/><U45/><E135/><V118/><F118/><W15/><G78/><T48/><D38/><U68/><E113/><V18/><F6/><W124/><G75/><T69/><D69/><U83/><E105/><V100/><F100/><N who="1" m="38441" /><E68/><V16/><F89/><W123/><G123/><T41/><D2/><U119/><E119/><V99/><F99/><W5/><G5/><T90/><REACH who="0" step="1"/><D11/><REACH who="0" ten="157,156,371,306" step="2"/><U71/><E71/><V93/><F36/><W94/><G124/><AGARI ba="1,1" hai="17,23,24,32,33,41,47,48,90,95,98,124,126,127" machi="124" ten="40,5200,0" yaku="1,1,2,1,18,1,53,0" doraHai="57" doraHaiUra="62" who="0" fromWho="3" sc="157,65,156,0,371,0,306,-55" owari="222,-17.8,156,-34.4,371,47.1,251,5.1" /></mjloggm>