<mjloggm ver="2.3"><GO type="169" lobby="0"/><UN n0="%E4%B9%9D%E7%B4%8B%E9%BE%8D%E5%8F%B2%E9%80%B2" n1="%43%4F%45%44%4F%E7%B7%91" n2="%E8%99%9A%E6%B7%B5%E7%8E%84" n3="%41%72%69%61" dan="19,19,17,17" rate="2281.93,2269.14,2183.57,2213.19" sx="M,F,M,F"/><TAIKYOKU oya="0"/><INIT seed="0,0,0,5,4,26" ten="250,250,250,250" oya="0" hai0="2,47,6,88,79,51,9,117,80,65,73,91,29" hai1="35,89,119,98,38,68,37,13,103,53,32,49,52" hai2="92,122,8,56,15,106,59,97,124,31,41,135,19" hai3="86,107,99,57,128,63,20,46,75,54,33,130,22"/><T30/><D117/><U21/><E119/><V14/><F122/><W72/><G33/><T129/><D129/><N who="3" m="49769" /><G86/><T71/><D65/><U131/><E68/><V96/><F124/><W115/><G115/><T10/><D71/><U3/><E3/><V64/><F135/><W0/><G0/><T25/><D9/><U109/><E109/><V100/><F41/><W104/><G46/><T1/><D1/><U62/><E89/><V43/><F43/><W76/><G76/><T74/><D74/><N who="3" m="28201" /><G99/><T121/><D121/><U102/><E98/><V28/><F15/><W87/><G87/><T27/><D27/><U112/><E13/><V61/><REACH who="2" step="1"/><F56/><REACH who="2" ten="250,250,240,250" step="2"/><W7/><G7/><T39/><D39/><U36/><E38/><V16/><F16/><W69/><G69/><T84/><D25/><U11/><E37/><V17/><F17/><W120/><G120/><T77/><D77/><U85/><E36/><V105/><F105/><AGARI ba="0,1" hai="20,22,54,57,63,104,105,107" m="28201,49769" machi="105" ten="40,1300,0" yaku="19,1" doraHai="26" who="3" fromWho="2" sc="250,0,250,0,240,-13,250,23" /><INIT seed="1,0,0,2,0,107" ten="250,250,227,273" oya="1" hai0="26,95,40,83,9,110,5,132,13,75,37,64,81" hai1="94,8,131,6,106,44,61,127,31,90,87,102,11" hai2="101,111,122,54,71,19,2,98,53,46,123,100,36" hai3="129,86,126,16,7,117,62,59,78,74,27,91,24"/><U21/><E127/><V120/><F2/><W39/><G39/><T30/><D110/><U65/><E131/><V17/><F71/><W109/><G109/><T52/><D64/><U45/><E106/><V77/><F111/><W63/><G7/><T115/><D115/><U35/><E35/><V42/><F77/><W23/><G126/><T72/><D132/><U124/><E102/><V28/><F28/><W57/><G129/><T48/><D40/><U0/><E124/><V51/><F101/><W97/><G97/><T114/><D37/><U1/><E1/><V103/><F103/><W134/><G117/><T112/><D95/><U116/><E11/><V49/><F36/><W96/><G96/><T43/><D43/><U14/><E116/><V104/><REACH who="2" step="1"/><F42/><REACH who="2" ten="250,250,217,273" step="2"/><W105/><G78/><T41/><D41/><U128/><E128/><V133/><F133/><W56/><G134/><T130/><D130/><U79/><E79/><V85/><F85/><W60/><G105/><T92/><D114/><U125/><E125/><V3/><F3/><W82/><REACH who="3" step="1"/><G74/><REACH who="3" ten="250,250,217,263" step="2"/><T22/><D112/><U70/><E0/><V121/><N who="2" m="30720" /><DORA hai="15" /><V25/><F25/><AGARI ba="0,2" hai="16,23,24,25,27,56,57,59,60,62,63,82,86,91" machi="25" ten="40,8000,1" yaku="1,1,8,1,52,1,54,1,53,0" doraHai="107,15" doraHaiUra="119,67" who="3" fromWho="2" sc="250,0,250,0,217,-80,263,100" /><INIT seed="2,0,0,4,5,30" ten="250,250,137,363" oya="2" hai0="51,48,45,56,8,6,25,23,74,111,110,38,103" hai1="73,87,55,0,88,104,106,47,31,21,43,22,107" hai2="130,42,100,83,133,132,81,89,12,65,86,99,10" hai3="39,62,16,94,78,131,134,90,129,124,24,135,113"/><V1/><F1/><W120/><G39/><T27/><D74/><U34/><E73/><V57/><F42/><W7/><G120/><T68/><D68/><U77/><E0/><V37/><F37/><W82/><G7/><T5/><D103/><U64/><E77/><V18/><F130/><N who="3" m="49675" /><G62/><T72/><D72/><U2/><E2/><V84/><F65/><W126/><G113/><T59/><D38/><U36/><E64/><V32/><F57/><W53/><G53/><T117/><D23/><U4/><E4/><V35/><F133/><N who="3" m="50699" /><G24/><T58/><D117/><U128/><E55/><V118/><F118/><W11/><G16/><T97/><D97/><U95/><REACH who="1" step="1"/><E128/><REACH who="1" ten="250,240,137,363" step="2"/><V26/><F132/><W54/><G54/><T96/><D6/><U17/><E17/><V115/><F115/><W15/><G78/><T69/><D5/><U108/><E108/><V67/><F67/><W41/><G41/><T121/><D111/><U75/><E75/><V46/><F46/><W93/><G126/><T13/><D110/><U9/><E9/><V76/><REACH who="2" step="1"/><F26/><AGARI ba="0,1" hai="21,22,26,31,34,36,43,47,87,88,95,104,106,107" machi="26" ten="40,5200,0" yaku="1,1,52,1,54,1,53,0" doraHai="30" doraHaiUra="33" who="1" fromWho="2" sc="250,0,240,62,137,-52,363,0" /><INIT seed="3,0,0,1,5,119" ten="250,302,85,363" oya="3" hai0="94,6,59,63,89,43,75,20,27,25,111,45,84" hai1="128,3,127,70,41,33,9,26,69,21,15,125,57" hai2="74,78,68,77,87,7,39,116,14,49,107,133,82" hai3="4,42,50,114,90,105,96,13,131,55,95,10,62"/><W129/><G114/><T47/><D111/><U135/><E41/><V103/><F39/><W79/><G105/><T88/><D75/><U52/><E33/><V56/><F68/><W81/><G62/><T124/><D124/><N who="1" m="47691" /><E3/><V36/><F36/><W38/><G38/><T8/><D89/><U64/><E64/><V61/><F133/><W35/><G35/><T73/><D73/><U122/><E128/><V98/><F116/><W51/><G55/><T112/><D112/><U53/><E53/><V72/><F49/><W86/><REACH who="3" step="1"/><G51/><REACH who="3" ten="250,302,85,353" step="2"/><T113/><D113/><U12/><E52/><V102/><F61/><W99/><G99/><T76/><D43/><U80/><E135/><V108/><F98/><W97/><G97/><T85/><D47/><AGARI ba="0,1" hai="4,10,13,42,47,50,79,81,86,90,95,96,129,131" machi="47" ten="40,7700,0" yaku="1,1,25,2,53,0" doraHai="119" doraHaiUra="58" who="3" fromWho="0" sc="250,-77,302,0,85,0,353,87" /><INIT seed="3,1,0,1,4,60" ten="173,302,85,440" oya="3" hai0="88,7,99,101,52,85,13,116,12,81,5,23,97" hai1="62,48,115,71,27,132,61,40,56,10,69,77,3" hai2="95,104,135,6,100,21,47,25,66,24,49,63,79" hai3="110,118,109,31,83,20,55,64,2,38,36,45,53"/><W134/><G2/><T9/><D116/><U44/><E115/><V107/><F135/><W130/><G118/><T113/><D113/><U15/><E3/><V51/><F79/><W16/><G31/><T54/><D99/><U92/><E132/><V0/><F25/><W111/><G134/><T91/><D91/><U58/><E77/><V93/><F49/><N who="3" m="28847" /><G130/><T37/><D37/><U1/><E1/><V34/><F34/><W125/><G125/><T119/><D119/><U123/><E123/><V105/><F100/><W30/><G30/><T11/><REACH who="0" step="1"/><D23/><REACH who="0" ten="163,302,85,440" step="2"/><U129/><E129/><V32/><F32/><W76/><G38/><T121/><D121/><U108/><E108/><V22/><F22/><W78/><G36/><T67/><D67/><U50/><E71/><V29/><F0/><W96/><G96/><T59/><D59/><U124/><E69/><V18/><F29/><W131/><G131/><T46/><D46/><U14/><E44/><V72/><F47/><W127/><G64/><T94/><AGARI ba="1,1" hai="5,7,9,11,12,13,52,54,81,85,88,94,97,101" machi="94" ten="20,12000,2" yaku="1,1,0,1,7,1,9,1,8,1,54,2,53,0" doraHai="60" doraHaiUra="73" who="0" fromWho="0" sc="163,133,302,-31,85,-31,440,-61" /><INIT seed="4,0,0,2,1,14" ten="296,271,54,379" oya="0" hai0="26,54,119,96,91,8,11,88,87,36,69,21,67" hai1="10,12,59,134,53,63,90,60,83,71,123,34,126" hai2="125,114,1,127,23,58,30,61,124,45,43,73,120" hai3="22,20,6,5,111,103,50,121,47,64,62,131,9"/><T51/><D119/><U55/><E123/><V95/><F73/><W24/><G111/><T13/><D36/><U33/><E126/><V128/><F1/><W40/><G131/><T113/><D113/><U132/><E83/><V31/><F120/><W118/><G118/><T135/><D135/><N who="1" m="51755" /><E90/><V109/><F109/><W100/><G22/><T115/><D115/><U104/><E104/><V2/><F2/><W93/><G93/><N who="0" m="56359" /><D67/><N who="1" m="41447" /><E55/><V41/><F114/><W85/><G85/><T89/><D69/><U52/><E53/><V116/><F116/><W81/><G81/><N who="0" m="49391" /><D91/><U48/><E63/><V101/><F128/><W108/><G108/><T56/><D13/><U110/><E110/><V16/><F43/><W74/><G74/><T72/><D72/><U57/><E59/><V44/><F44/><W80/><G80/><T28/><AGARI ba="0,0" hai="8,11,21,26,28,51,54,56" m="49391,56359" machi="28" ten="30,3000,0" yaku="8,1,54,1" doraHai="14" who="0" fromWho="0" sc="296,30,271,-10,54,-10,379,-10" /><INIT seed="4,1,0,3,3,99" ten="326,261,44,369" oya="0" hai0="42,7,109,10,39,20,117,28,73,69,64,9,75" hai1="57,102,110,5,132,30,31,1,74,127,134,11,131" hai2="59,37,76,86,118,21,71,52,103,104,120,19,36" hai3="101,116,53,46,4,65,133,40,50,8,89,128,88"/><T70/><D117/><U111/><E74/><V113/><F120/><W0/><G116/><T3/><D109/><N who="1" m="41483" /><E57/><V91/><F71/><W129/><G133/><N who="1" m="51306" /><E102/><V96/><F113/><W60/><G53/><T22/><D39/><U25/><E127/><V85/><F118/><W107/><G107/><T15/><D42/><U49/><E49/><V94/><F76/><W67/><G101/><T77/><D64/><U51/><E51/><V68/><F86/><W114/><G114/><T106/><D106/><U56/><E56/><V48/><REACH who="2" step="1"/><F68/><REACH who="2" ten="326,261,34,369" step="2"/><W23/><G129/><T92/><D70/><U2/><E131/><V55/><F55/><W78/><G128/><T35/><D69/><U62/><E62/><V29/><F29/><N who="1" m="10761" /><E25/><AGARI ba="1,1" hai="19,21,25,36,37,48,52,59,85,91,94,96,103,104" machi="25" ten="30,7700,0" yaku="1,1,7,1,52,1,54,1,53,0" doraHai="99" doraHaiUra="108" who="2" fromWho="1" sc="326,0,261,-80,34,90,369,0" /><INIT seed="5,0,0,3,1,41" ten="326,181,124,369" oya="1" hai0="8,24,66,38,9,50,84,71,32,67,53,30,28" hai1="64,127,82,6,120,4,103,43,65,96,114,16,48" hai2="39,68,20,27,76,2,37,57,58,49,113,117,112" hai3="108,93,0,135,34,79,92,111,70,33,11,3,119"/><U98/><E120/><V14/><F2/><W55/><G70/><T35/><D38/><N who="2" m="14346" /><F14/><W42/><G42/><T132/><D132/><U19/><E127/><V106/><F106/><W110/><G55/><T29/><D84/><U59/><E114/><N who="2" m="44139" /><F76/><W12/><G79/><T25/><D29/><U40/><E59/><N who="2" m="22539" /><F20/><W7/><G93/><T78/><D78/><U101/><REACH who="1" step="1"/><E48/><REACH who="1" ten="326,171,124,369" step="2"/><V85/><F68/><W75/><G111/><T102/><D71/><U130/><E130/><V47/><F117/><W21/><G110/><T83/><D50/><U129/><E129/><V36/><F36/><W99/><G108/><T121/><D121/><U63/><E63/><V131/><F131/><W100/><G119/><T46/><D67/><U56/><E56/><V104/><F104/><W5/><G0/><T22/><D66/><U26/><E26/><V13/><F27/><W125/><G3/><T109/><D109/><U118/><E118/><V10/><F49/><W91/><G12/><T17/><D25/><U45/><E45/><V73/><F47/><W87/><G34/><T116/><D46/><U123/><E123/><V97/><F13/><W60/><G33/><T54/><D35/><U23/><E23/><V1/><F1/><W105/><G21/><T134/><D22/><U88/><E88/><V94/><F10/><W89/><G11/><T51/><D9/><U62/><E62/><V44/><F44/><W86/><G60/><T77/><D8/><U122/><E122/><V115/><F115/><W81/><G91/><T107/><D116/><U15/><E15/><V90/><F73/><RYUUKYOKU ba="0,1" sc="326,-15,171,15,124,15,369,-15" hai1="4,6,16,19,40,43,64,65,82,96,98,101,103" hai2="85,90,94,97" /><INIT seed="5,1,1,2,5,55" ten="311,186,139,354" oya="1" hai0="67,44,23,6,78,131,121,65,28,94,26,54,115" hai1="70,100,63,32,105,118,110,7,33,109,16,92,42" hai2="79,101,19,71,20,86,4,18,82,84,114,64,90" hai3="93,97,11,88,51,39,13,81,69,133,3,1,116"/><U25/><E118/><V41/><F114/><W87/><G39/><T120/><D115/><U99/><E7/><V132/><F132/><W50/><G69/><T123/><D131/><U128/><E128/><V129/><F129/><W122/><G122/><T14/><D78/><U27/><E42/><V5/><F101/><W52/><G51/><N who="0" m="29031" /><D94/><U34/><E105/><V107/><F107/><W35/><G35/><T119/><D119/><U45/><E45/><V73/><F73/><W21/><G133/><T103/><D103/><U30/><E16/><V135/><F19/><W66/><G21/><T60/><D60/><U47/><E47/><V59/><F71/><W8/><G66/><T57/><D57/><U15/><E15/><V31/><F41/><W68/><G68/><T9/><AGARI ba="1,1" hai="6,9,14,23,26,28,65,67,120,121,123" m="29031" machi="9" ten="40,1500,0" yaku="13,1" doraHai="55" who="0" fromWho="0" sc="311,28,186,-8,139,-5,354,-5" /><INIT seed="6,0,0,5,0,8" ten="339,178,134,349" oya="2" hai0="83,107,46,59,104,93,91,15,105,76,61,125,45" hai1="103,14,35,51,96,115,63,5,12,135,33,80,39" hai2="112,124,49,42,52,32,24,22,70,79,7,3,113" hai3="67,127,89,72,128,25,114,132,86,29,6,40,129"/><V120/><F120/><W43/><G72/><T31/><D31/><U2/><E39/><V23/><F70/><W77/><G77/><T58/><D58/><U95/><E2/><V92/><F42/><W74/><G74/><T101/><D101/><U69/><E115/><N who="2" m="44107" /><F79/><W9/><G67/><T30/><D30/><U62/><E135/><V126/><F92/><N who="3" m="54327" /><G127/><N who="2" m="48681" /><F7/><W27/><G132/><T73/><D125/><U121/><E5/><V28/><F3/><W123/><G27/><T118/><D15/><U106/><E95/><V57/><AGARI ba="0,0" hai="22,23,24,28,32,49,52,57" m="48681,44107" machi="57" ten="30,6000,0" yaku="15,1,18,1,54,1" doraHai="8" who="2" fromWho="2" sc="339,-20,178,-20,134,60,349,-20" /><INIT seed="6,1,0,2,3,63" ten="319,158,194,329" oya="2" hai0="65,131,114,121,132,106,29,120,128,66,118,16,42" hai1="2,69,23,18,4,60,93,5,115,13,103,34,32" hai2="125,101,87,75,135,86,70,25,40,67,33,24,27" hai3="10,44,58,37,61,20,85,71,22,107,129,80,26"/><V54/><F75/><W117/><G107/><T116/><D106/><U108/><E60/><V14/><F33/><N who="1" m="12905" /><E93/><V119/><F119/><N who="0" m="45610" /><D29/><U50/><E50/><V134/><F40/><W96/><G96/><T83/><D114/><U0/><E103/><V91/><F125/><W94/><G22/><T99/><D99/><U73/><E69/><V111/><F111/><W100/><G10/><T12/><D42/><U49/><E49/><V48/><F101/><W9/><G9/><N who="0" m="6159" /><D83/><U113/><E73/><V62/><F14/><W7/><G80/><T53/><D53/><U8/><E108/><V122/><F122/><N who="0" m="47210" /><D132/><N who="2" m="50730" /><F91/><W110/><G100/><T82/><D82/><U52/><E52/><V76/><F76/><W6/><G110/><T102/><D102/><U31/><E115/><V88/><F88/><W68/><G117/><T97/><D97/><U55/><E55/><V112/><F112/><W57/><G94/><T81/><D81/><U130/><E130/><AGARI ba="1,0" hai="65,66,128,130,131" m="47210,6159,45610" machi="130" ten="40,8000,1" yaku="19,1,12,1,52,2,54,1" doraHai="63" who="0" fromWho="1" sc="319,83,158,-83,194,0,329,0" /><INIT seed="7,0,0,5,0,72" ten="402,75,194,329" oya="3" hai0="107,109,39,125,104,1,0,20,26,74,24,79,131" hai1="99,27,63,3,40,90,80,53,64,133,69,124,119" hai2="46,123,61,45,65,106,28,54,122,114,56,85,75" hai3="95,29,101,78,103,118,94,17,33,21,10,86,88"/><W6/><G118/><T19/><D109/><U23/><E124/><V60/><F75/><W15/><G33/><T113/><D39/><U89/><E133/><V2/><F2/><W31/><G78/><T55/><D125/><U73/><E119/><V100/><F28/><W96/><REACH who="3" step="1"/><G103/><REACH who="3" ten="402,75,194,319" step="2"/><T13/><D131/><U135/><E135/><V50/><F100/><W128/><G128/><T9/><D113/><U7/><E73/><V48/><F114/><W37/><G37/><T126/><D126/><U47/><E90/><V16/><F123/><W134/><G134/><T66/><D79/><U76/><E89/><V30/><F122/><W51/><G51/><T62/><D74/><U120/><E120/><V58/><F50/><W111/><G111/><T70/><D26/><AGARI ba="0,1" hai="6,10,15,17,21,26,29,31,86,88,94,95,96,101" machi="26" ten="30,18000,2" yaku="1,1,7,1,8,1,54,1,53,2" doraHai="72" doraHaiUra="25" who="3" fromWho="0" sc="402,-180,75,0,194,0,319,190" owari="222,2.2,75,-42.5,194,-20.6,509,60.9" /></mjloggm>